%% This BibTeX bibliography file was created using BibDesk.
%% http://bibdesk.sourceforge.net/


%% Created for Diego Mart√≠n Arroyo at 2015-03-20 12:00:25 +0100 


%% Saved with string encoding Unicode (UTF-8) 



@url{tomcatnative,
	Author = {Apache Software Foundation},
	Date-Added = {2015-03-20 10:59:20 +0000},
	Date-Modified = {2015-03-20 11:00:07 +0000},
	Howpublished = {\url{http://tomcat.apache.org/native-doc/}},
	Lastchecked = {20th March 2015},
	Title = {Apache Tomcat Native Library}}

@article{marzullo84,
	Author = {K. A. Marzullo},
	Date-Added = {2015-03-20 10:21:21 +0000},
	Date-Modified = {2015-03-20 10:22:58 +0000},
	Journal = {Ph.D. dissertation, Stanford University Department of Electrical Engineering},
	Title = {Maintaining the Time in a Distributed System: An Example of a Loosely-Coupled Distributed Service},
	Year = {February 1984}}
